<?xml version="1.0" encoding="UTF-8"?><collection xmlns="http://www.loc.gov/MARC21/slim"><record><leader>00419nam--2200133-i-4500</leader><controlfield tag="001">000039626</controlfield><controlfield tag="002">20161230</controlfield><controlfield tag="005">20161230201042</controlfield><controlfield tag="008">060222s1000------------r-----000-0-eng-d</controlfield><datafield ind1=" " ind2=" " tag="080"><subfield code="a">51</subfield></datafield><datafield ind1=" " ind2=" " tag="100"><subfield code="a">Rosiu, G.J</subfield></datafield><datafield ind1=" " ind2=" " tag="245"><subfield code="a">Elemente de aritmetica rationala pentru usul scoalelor militare, scoalelor secundare si a candidatilor de esamenele de bacalaureat</subfield></datafield><datafield ind1=" " ind2=" " tag="260"><subfield code="a">Iasi, Tipografia Nationala, 1892, 457p</subfield></datafield><datafield ind1=" " ind2=" " tag="852"><subfield code="a">76460</subfield></datafield></record></collection>